<record><leader>00000cas a22000007a 4500</leader><controlfield tag="001">7902120</controlfield><controlfield tag="008">811103d19791981maudn ne      0   a0eng d</controlfield><controlfield tag="009">467</controlfield><datafield ind1=" " ind2=" " tag="010"><subfield code="a">sn 81002255 </subfield></datafield><datafield ind1=" " ind2=" " tag="040"><subfield code="a">NSD</subfield><subfield code="b">eng</subfield><subfield code="c">NSD</subfield><subfield code="d">MGN</subfield><subfield code="d">OCL</subfield><subfield code="d">OCLCQ</subfield></datafield><datafield ind1=" " ind2=" " tag="012"><subfield code="m">d</subfield></datafield><datafield ind1=" " ind2=" " tag="019"><subfield code="a">7960651</subfield><subfield code="a">8101446</subfield></datafield><datafield ind1="1" ind2=" " tag="022"><subfield code="a">0279-4683</subfield><subfield code="l">0279-4683</subfield><subfield code="2">1</subfield></datafield><datafield ind1=" " ind2=" " tag="042"><subfield code="a">nsdp</subfield></datafield><datafield ind1=" " ind2="4" tag="222"><subfield code="a">The Brockton enterprise &amp; Brockton times</subfield></datafield><datafield ind1="0" ind2="4" tag="245"><subfield code="a">The Brockton enterprise &amp; Brockton times.</subfield></datafield><datafield ind1="3" ind2="0" tag="246"><subfield code="a">Brockton enterprise and Brockton times</subfield></datafield><datafield ind1="3" ind2="0" tag="246"><subfield code="a">Saturday enterprise</subfield></datafield><datafield ind1="3" ind2="0" tag="246"><subfield code="a">Sunday enterprise</subfield></datafield><datafield ind1=" " ind2=" " tag="260"><subfield code="a">Brockton, Mass. :</subfield><subfield code="b">Brockton Pub. Co.</subfield></datafield><datafield ind1=" " ind2=" " tag="300"><subfield code="a">v.</subfield></datafield><datafield ind1=" " ind2=" " tag="310"><subfield code="a">Daily (except holidays)</subfield></datafield><datafield ind1="0" ind2=" " tag="362"><subfield code="a">Vol. 98, no. 281 (Jan. 2, 1979)-v. 101, no. 271 (Dec. 31, 1981).</subfield></datafield><datafield ind1=" " ind2=" " tag="500"><subfield code="a">On Saturday published as: Saturday enterprise; on Sunday published as: Sunday enterprise.</subfield></datafield><datafield ind1=" " ind2=" " tag="752"><subfield code="a">United States</subfield><subfield code="b">Massachusetts</subfield><subfield code="c">Plymouth</subfield><subfield code="d">Brockton.</subfield></datafield><datafield ind1="0" ind2="0" tag="780"><subfield code="t">Brockton daily evening enterprise and Brockton times</subfield><subfield code="w">(DLC)sn 89062035</subfield></datafield><datafield ind1="0" ind2="0" tag="785"><subfield code="t">Enterprise (Brockton, Mass.)</subfield><subfield code="x">0744-2114</subfield><subfield code="w">(DLC)sn 82000887</subfield></datafield><datafield ind1=" " ind2=" " tag="936"><subfield code="a">Oct. 5, 1981</subfield></datafield></record>